instant,dteday,season,yr,mnth,holiday,weekday,workingday,weathersit,temp,atemp,hum,windspeed,casual,registered,cnt,logcnt,antilogcnt,revenue,purchase,profit,residual
366,1/1/2012,1,1,1,0,0,0,1,0.37,0.375621,0.6925,0.192167,686,1608,2294,3.36541084,2320,6882,4640,2242,26
367,1/2/2012,1,1,1,1,1,0,1,0.273043,0.252304,0.381304,0.329665,244,1707,1951,3.358670395,2284,5853,4568,1285,333
368,1/3/2012,1,1,1,0,2,1,1,0.15,0.126275,0.44125,0.365671,89,2147,2236,3.357605327,2278,6708,4556,2152,42
369,1/4/2012,1,1,1,0,3,1,2,0.1075,0.119337,0.414583,0.1847,95,2273,2368,3.357930109,2280,6840,4560,2280,88
370,1/5/2012,1,1,1,0,4,1,1,0.265833,0.278412,0.524167,0.129987,140,3132,3272,3.358595253,2283,6849,4566,2283,989
371,1/6/2012,1,1,1,0,5,1,1,0.334167,0.340267,0.542083,0.167908,307,3791,4098,3.359343748,2287,6861,4574,2287,1811
372,1/7/2012,1,1,1,0,6,0,1,0.393333,0.390779,0.531667,0.174758,1070,3451,4521,3.360112655,2291,6873,4582,2291,2230
373,1/8/2012,1,1,1,0,0,0,1,0.3375,0.340258,0.465,0.191542,599,2826,3425,3.360886561,2296,6888,4592,2296,1129
374,1/9/2012,1,1,1,0,1,1,2,0.224167,0.247479,0.701667,0.0989,106,2270,2376,3.361661691,2300,6900,4600,2300,76
375,1/10/2012,1,1,1,0,2,1,1,0.308696,0.318826,0.646522,0.187552,173,3425,3598,3.362437121,2304,6912,4608,2304,1294
376,1/11/2012,1,1,1,0,3,1,2,0.274167,0.282821,0.8475,0.131221,92,2085,2177,3.363212625,2308,6531,4616,1915,131
377,1/12/2012,1,1,1,0,4,1,2,0.3825,0.381938,0.802917,0.180967,269,3828,4097,3.363988146,2312,6936,4624,2312,1785
378,1/13/2012,1,1,1,0,5,1,1,0.274167,0.249362,0.5075,0.378108,174,3040,3214,3.364763672,2316,6948,4632,2316,898
379,1/14/2012,1,1,1,0,6,0,1,0.18,0.183087,0.4575,0.187183,333,2160,2493,3.365539198,2320,6960,4640,2320,173
380,1/15/2012,1,1,1,0,0,0,1,0.166667,0.161625,0.419167,0.251258,284,2027,2311,3.366314725,2324,6933,4648,2285,13
381,1/16/2012,1,1,1,1,1,0,1,0.19,0.190663,0.5225,0.231358,217,2081,2298,3.367090253,2329,6894,4658,2236,31
382,1/17/2012,1,1,1,0,2,1,2,0.373043,0.364278,0.716087,0.34913,127,2808,2935,3.36786578,2333,6999,4666,2333,602
383,1/18/2012,1,1,1,0,3,1,1,0.303333,0.275254,0.443333,0.415429,109,3267,3376,3.368641307,2337,7011,4674,2337,1039
384,1/19/2012,1,1,1,0,4,1,1,0.19,0.190038,0.4975,0.220158,130,3162,3292,3.369416834,2341,7023,4682,2341,951
385,1/20/2012,1,1,1,0,5,1,2,0.2175,0.220958,0.45,0.20275,115,3048,3163,3.370192361,2345,7035,4690,2345,818
386,1/21/2012,1,1,1,0,6,0,2,0.173333,0.174875,0.83125,0.222642,67,1234,1301,3.370967888,2349,3903,4698,-795,1048
387,1/22/2012,1,1,1,0,0,0,2,0.1625,0.16225,0.79625,0.199638,196,1781,1977,3.371743415,2354,5931,4708,1223,377
388,1/23/2012,1,1,1,0,1,1,2,0.218333,0.243058,0.91125,0.110708,145,2287,2432,3.372518943,2358,7074,4716,2358,74
389,1/24/2012,1,1,1,0,2,1,1,0.3425,0.349108,0.835833,0.123767,439,3900,4339,3.37329447,2362,7086,4724,2362,1977
390,1/25/2012,1,1,1,0,3,1,1,0.294167,0.294821,0.64375,0.161071,467,3803,4270,3.374069997,2366,7098,4732,2366,1904
391,1/26/2012,1,1,1,0,4,1,2,0.341667,0.35605,0.769583,0.0733958,244,3831,4075,3.374845524,2371,7113,4742,2371,1704
392,1/27/2012,1,1,1,0,5,1,2,0.425,0.415383,0.74125,0.342667,269,3187,3456,3.375621051,2375,7125,4750,2375,1081
393,1/28/2012,1,1,1,0,6,0,1,0.315833,0.326379,0.543333,0.210829,775,3248,4023,3.376396578,2379,7137,4758,2379,1644
394,1/29/2012,1,1,1,0,0,0,1,0.2825,0.272721,0.31125,0.24005,558,2685,3243,3.377172106,2383,7149,4766,2383,860
395,1/30/2012,1,1,1,0,1,1,1,0.269167,0.262625,0.400833,0.215792,126,3498,3624,3.377947633,2388,7164,4776,2388,1236
396,1/31/2012,1,1,1,0,2,1,1,0.39,0.381317,0.416667,0.261817,324,4185,4509,3.37872316,2392,7176,4784,2392,2117
397,2/1/2012,1,1,2,0,3,1,1,0.469167,0.466538,0.507917,0.189067,304,4275,4579,3.379498687,2396,7188,4792,2396,2183
398,2/2/2012,1,1,2,0,4,1,2,0.399167,0.398971,0.672917,0.187187,190,3571,3761,3.380274214,2400,7200,4800,2400,1361
399,2/3/2012,1,1,2,0,5,1,1,0.313333,0.309346,0.526667,0.178496,310,3841,4151,3.381049741,2405,7215,4810,2405,1746
400,2/4/2012,1,1,2,0,6,0,2,0.264167,0.272725,0.779583,0.121896,384,2448,2832,3.381825268,2409,7227,4818,2409,423
401,2/5/2012,1,1,2,0,0,0,2,0.265833,0.264521,0.687917,0.175996,318,2629,2947,3.382600796,2413,7239,4826,2413,534
402,2/6/2012,1,1,2,0,1,1,1,0.282609,0.296426,0.622174,0.1538,206,3578,3784,3.383376323,2418,7254,4836,2418,1366
403,2/7/2012,1,1,2,0,2,1,1,0.354167,0.361104,0.49625,0.147379,199,4176,4375,3.38415185,2422,7266,4844,2422,1953
404,2/8/2012,1,1,2,0,3,1,2,0.256667,0.266421,0.722917,0.133721,109,2693,2802,3.384927377,2426,7278,4852,2426,376
405,2/9/2012,1,1,2,0,4,1,1,0.265,0.261988,0.562083,0.194037,163,3667,3830,3.385702904,2431,7293,4862,2431,1399
406,2/10/2012,1,1,2,0,5,1,2,0.280833,0.293558,0.54,0.116929,227,3604,3831,3.386478431,2435,7305,4870,2435,1396
407,2/11/2012,1,1,2,0,6,0,3,0.224167,0.210867,0.73125,0.289796,192,1977,2169,3.387253958,2439,6507,4878,1629,270
408,2/12/2012,1,1,2,0,0,0,1,0.1275,0.101658,0.464583,0.409212,73,1456,1529,3.388029486,2444,4587,4888,-301,915
409,2/13/2012,1,1,2,0,1,1,1,0.2225,0.227913,0.41125,0.167283,94,3328,3422,3.388805013,2448,7344,4896,2448,974
410,2/14/2012,1,1,2,0,2,1,2,0.319167,0.333946,0.50875,0.141179,135,3787,3922,3.38958054,2452,7356,4904,2452,1470
411,2/15/2012,1,1,2,0,3,1,1,0.348333,0.351629,0.53125,0.1816,141,4028,4169,3.390356067,2457,7371,4914,2457,1712
412,2/16/2012,1,1,2,0,4,1,2,0.316667,0.330162,0.752917,0.091425,74,2931,3005,3.391131594,2461,7383,4922,2461,544
413,2/17/2012,1,1,2,0,5,1,1,0.343333,0.351629,0.634583,0.205846,349,3805,4154,3.391907121,2466,7398,4932,2466,1688
414,2/18/2012,1,1,2,0,6,0,1,0.346667,0.355425,0.534583,0.190929,1435,2883,4318,3.392682649,2470,7410,4940,2470,1848
415,2/19/2012,1,1,2,0,0,0,2,0.28,0.265788,0.515833,0.253112,618,2071,2689,3.393458176,2474,7422,4948,2474,215
416,2/20/2012,1,1,2,1,1,0,1,0.28,0.273391,0.507826,0.229083,502,2627,3129,3.394233703,2479,7437,4958,2479,650
417,2/21/2012,1,1,2,0,2,1,1,0.287826,0.295113,0.594348,0.205717,163,3614,3777,3.39500923,2483,7449,4966,2483,1294
418,2/22/2012,1,1,2,0,3,1,1,0.395833,0.392667,0.567917,0.234471,394,4379,4773,3.395784757,2488,7464,4976,2488,2285
419,2/23/2012,1,1,2,0,4,1,1,0.454167,0.444446,0.554583,0.190913,516,4546,5062,3.396560284,2492,7476,4984,2492,2570
420,2/24/2012,1,1,2,0,5,1,2,0.4075,0.410971,0.7375,0.237567,246,3241,3487,3.397335811,2497,7491,4994,2497,990
421,2/25/2012,1,1,2,0,6,0,1,0.290833,0.255675,0.395833,0.421642,317,2415,2732,3.398111339,2501,7503,5002,2501,231
422,2/26/2012,1,1,2,0,0,0,1,0.279167,0.268308,0.41,0.205229,515,2874,3389,3.398886866,2505,7515,5010,2505,884
423,2/27/2012,1,1,2,0,1,1,1,0.366667,0.357954,0.490833,0.268033,253,4069,4322,3.399662393,2510,7530,5020,2510,1812
424,2/28/2012,1,1,2,0,2,1,1,0.359167,0.353525,0.395833,0.193417,229,4134,4363,3.40043792,2514,7542,5028,2514,1849
425,2/29/2012,1,1,2,0,3,1,2,0.344348,0.34847,0.804783,0.179117,65,1769,1834,3.401213447,2519,5502,5038,464,685
426,3/1/2012,1,1,3,0,4,1,1,0.485833,0.475371,0.615417,0.226987,325,4665,4990,3.401988974,2523,7569,5046,2523,2467
427,3/2/2012,1,1,3,0,5,1,2,0.353333,0.359842,0.657083,0.144904,246,2948,3194,3.402764501,2528,7584,5056,2528,666
428,3/3/2012,1,1,3,0,6,0,2,0.414167,0.413492,0.62125,0.161079,956,3110,4066,3.403540029,2532,7596,5064,2532,1534
429,3/4/2012,1,1,3,0,0,0,1,0.325833,0.303021,0.403333,0.334571,710,2713,3423,3.404315556,2537,7611,5074,2537,886
430,3/5/2012,1,1,3,0,1,1,1,0.243333,0.241171,0.50625,0.228858,203,3130,3333,3.405091083,2542,7626,5084,2542,791
431,3/6/2012,1,1,3,0,2,1,1,0.258333,0.255042,0.456667,0.200875,221,3735,3956,3.40586661,2546,7638,5092,2546,1410
432,3/7/2012,1,1,3,0,3,1,1,0.404167,0.3851,0.513333,0.345779,432,4484,4916,3.406642137,2551,7653,5102,2551,2365
433,3/8/2012,1,1,3,0,4,1,1,0.5275,0.524604,0.5675,0.441563,486,4896,5382,3.407417664,2555,7665,5110,2555,2827
434,3/9/2012,1,1,3,0,5,1,2,0.410833,0.397083,0.407083,0.4148,447,4122,4569,3.408193191,2560,7680,5120,2560,2009
435,3/10/2012,1,1,3,0,6,0,1,0.2875,0.277767,0.350417,0.22575,968,3150,4118,3.408968719,2564,7692,5128,2564,1554
436,3/11/2012,1,1,3,0,0,0,1,0.361739,0.35967,0.476957,0.222587,1658,3253,4911,3.409744246,2569,7707,5138,2569,2342
437,3/12/2012,1,1,3,0,1,1,1,0.466667,0.459592,0.489167,0.207713,838,4460,5298,3.410519773,2573,7719,5146,2573,2725
438,3/13/2012,1,1,3,0,2,1,1,0.565,0.542929,0.6175,0.23695,762,5085,5847,3.4112953,2578,7734,5156,2578,3269
439,3/14/2012,1,1,3,0,3,1,1,0.5725,0.548617,0.507083,0.115062,997,5315,6312,3.412070827,2583,7749,5166,2583,3729
440,3/15/2012,1,1,3,0,4,1,1,0.5575,0.532825,0.579583,0.149883,1005,5187,6192,3.412846354,2587,7761,5174,2587,3605
441,3/16/2012,1,1,3,0,5,1,2,0.435833,0.436229,0.842083,0.113192,548,3830,4378,3.413621882,2592,7776,5184,2592,1786
442,3/17/2012,1,1,3,0,6,0,2,0.514167,0.505046,0.755833,0.110704,3155,4681,7836,3.414397409,2597,7791,5194,2597,5239
443,3/18/2012,1,1,3,0,0,0,2,0.4725,0.464,0.81,0.126883,2207,3685,5892,3.415172936,2601,7803,5202,2601,3291
444,3/19/2012,1,1,3,0,1,1,1,0.545,0.532821,0.72875,0.162317,982,5171,6153,3.415948463,2606,7818,5212,2606,3547
445,3/20/2012,1,1,3,0,2,1,1,0.560833,0.538533,0.807917,0.121271,1051,5042,6093,3.41672399,2611,7833,5222,2611,3482
446,3/21/2012,2,1,3,0,3,1,2,0.531667,0.513258,0.82125,0.0895583,1122,5108,6230,3.417499517,2615,7845,5230,2615,3615
447,3/22/2012,2,1,3,0,4,1,1,0.554167,0.531567,0.83125,0.117562,1334,5537,6871,3.418275044,2620,7860,5240,2620,4251
448,3/23/2012,2,1,3,0,5,1,2,0.601667,0.570067,0.694167,0.1163,2469,5893,8362,3.419050572,2625,7875,5250,2625,5737
449,3/24/2012,2,1,3,0,6,0,2,0.5025,0.486733,0.885417,0.192783,1033,2339,3372,3.419826099,2629,7887,5258,2629,743
450,3/25/2012,2,1,3,0,0,0,2,0.4375,0.437488,0.880833,0.220775,1532,3464,4996,3.420601626,2634,7902,5268,2634,2362
451,3/26/2012,2,1,3,0,1,1,1,0.445833,0.43875,0.477917,0.386821,795,4763,5558,3.421377153,2639,7917,5278,2639,2919
452,3/27/2012,2,1,3,0,2,1,1,0.323333,0.315654,0.29,0.187192,531,4571,5102,3.42215268,2643,7929,5286,2643,2459
453,3/28/2012,2,1,3,0,3,1,1,0.484167,0.47095,0.48125,0.291671,674,5024,5698,3.422928207,2648,7944,5296,2648,3050
454,3/29/2012,2,1,3,0,4,1,1,0.494167,0.482304,0.439167,0.31965,834,5299,6133,3.423703734,2653,7959,5306,2653,3480
455,3/30/2012,2,1,3,0,5,1,2,0.37,0.375621,0.580833,0.138067,796,4663,5459,3.424479262,2658,7974,5316,2658,2801
456,3/31/2012,2,1,3,0,6,0,2,0.424167,0.421708,0.738333,0.250617,2301,3934,6235,3.425254789,2662,7986,5324,2662,3573
457,4/1/2012,2,1,4,0,0,0,2,0.425833,0.417287,0.67625,0.172267,2347,3694,6041,3.426030316,2667,8001,5334,2667,3374
458,4/2/2012,2,1,4,0,1,1,1,0.433913,0.427513,0.504348,0.312139,1208,4728,5936,3.426805843,2672,8016,5344,2672,3264
459,4/3/2012,2,1,4,0,2,1,1,0.466667,0.461483,0.396667,0.100133,1348,5424,6772,3.42758137,2677,8031,5354,2677,4095
460,4/4/2012,2,1,4,0,3,1,1,0.541667,0.53345,0.469583,0.180975,1058,5378,6436,3.428356897,2681,8043,5362,2681,3755
461,4/5/2012,2,1,4,0,4,1,1,0.435,0.431163,0.374167,0.219529,1192,5265,6457,3.429132424,2686,8058,5372,2686,3771
462,4/6/2012,2,1,4,0,5,1,1,0.403333,0.390767,0.377083,0.300388,1807,4653,6460,3.429907952,2691,8073,5382,2691,3769
463,4/7/2012,2,1,4,0,6,0,1,0.4375,0.426129,0.254167,0.274871,3252,3605,6857,3.430683479,2696,8088,5392,2696,4161
464,4/8/2012,2,1,4,0,0,0,1,0.5,0.492425,0.275833,0.232596,2230,2939,5169,3.431459006,2701,8103,5402,2701,2468
465,4/9/2012,2,1,4,0,1,1,1,0.489167,0.476638,0.3175,0.358196,905,4680,5585,3.432234533,2705,8115,5410,2705,2880
466,4/10/2012,2,1,4,0,2,1,1,0.446667,0.436233,0.435,0.249375,819,5099,5918,3.43301006,2710,8130,5420,2710,3208
467,4/11/2012,2,1,4,0,3,1,1,0.348696,0.337274,0.469565,0.295274,482,4380,4862,3.433785587,2715,8145,5430,2715,2147
468,4/12/2012,2,1,4,0,4,1,1,0.3975,0.387604,0.46625,0.290429,663,4746,5409,3.434561115,2720,8160,5440,2720,2689
469,4/13/2012,2,1,4,0,5,1,1,0.4425,0.431808,0.408333,0.155471,1252,5146,6398,3.435336642,2725,8175,5450,2725,3673
470,4/14/2012,2,1,4,0,6,0,1,0.495,0.487996,0.502917,0.190917,2795,4665,7460,3.436112169,2730,8190,5460,2730,4730
471,4/15/2012,2,1,4,0,0,0,1,0.606667,0.573875,0.507917,0.225129,2846,4286,7132,3.436887696,2735,8205,5470,2735,4397
472,4/16/2012,2,1,4,1,1,0,1,0.664167,0.614925,0.561667,0.284829,1198,5172,6370,3.437663223,2739,8217,5478,2739,3631
473,4/17/2012,2,1,4,0,2,1,1,0.608333,0.598487,0.390417,0.273629,989,5702,6691,3.43843875,2744,8232,5488,2744,3947
474,4/18/2012,2,1,4,0,3,1,2,0.463333,0.457038,0.569167,0.167912,347,4020,4367,3.439214277,2749,8247,5498,2749,1618
475,4/19/2012,2,1,4,0,4,1,1,0.498333,0.493046,0.6125,0.0659292,846,5719,6565,3.439989805,2754,8262,5508,2754,3811
476,4/20/2012,2,1,4,0,5,1,1,0.526667,0.515775,0.694583,0.149871,1340,5950,7290,3.440765332,2759,8277,5518,2759,4531
477,4/21/2012,2,1,4,0,6,0,1,0.57,0.542921,0.682917,0.283587,2541,4083,6624,3.441540859,2764,8292,5528,2764,3860
478,4/22/2012,2,1,4,0,0,0,3,0.396667,0.389504,0.835417,0.344546,120,907,1027,3.442316386,2769,3081,5538,-2457,1742
479,4/23/2012,2,1,4,0,1,1,2,0.321667,0.301125,0.766667,0.303496,195,3019,3214,3.443091913,2774,8322,5548,2774,440
480,4/24/2012,2,1,4,0,2,1,1,0.413333,0.405283,0.454167,0.249383,518,5115,5633,3.44386744,2779,8337,5558,2779,2854
481,4/25/2012,2,1,4,0,3,1,1,0.476667,0.470317,0.427917,0.118792,655,5541,6196,3.444642967,2784,8352,5568,2784,3412
482,4/26/2012,2,1,4,0,4,1,2,0.498333,0.483583,0.756667,0.176625,475,4551,5026,3.445418495,2789,8367,5578,2789,2237
483,4/27/2012,2,1,4,0,5,1,1,0.4575,0.452637,0.400833,0.347633,1014,5219,6233,3.446194022,2794,8382,5588,2794,3439
484,4/28/2012,2,1,4,0,6,0,2,0.376667,0.377504,0.489583,0.129975,1120,3100,4220,3.446969549,2799,8397,5598,2799,1421
485,4/29/2012,2,1,4,0,0,0,1,0.458333,0.450121,0.587083,0.116908,2229,4075,6304,3.447745076,2804,8412,5608,2804,3500
486,4/30/2012,2,1,4,0,1,1,2,0.464167,0.457696,0.57,0.171638,665,4907,5572,3.448520603,2809,8427,5618,2809,2763
487,5/1/2012,2,1,5,0,2,1,2,0.613333,0.577021,0.659583,0.156096,653,5087,5740,3.44929613,2814,8442,5628,2814,2926
488,5/2/2012,2,1,5,0,3,1,1,0.564167,0.537896,0.797083,0.138058,667,5502,6169,3.450071657,2819,8457,5638,2819,3350
489,5/3/2012,2,1,5,0,4,1,2,0.56,0.537242,0.768333,0.133696,764,5657,6421,3.450847185,2824,8472,5648,2824,3597
490,5/4/2012,2,1,5,0,5,1,1,0.6275,0.590917,0.735417,0.162938,1069,5227,6296,3.451622712,2829,8487,5658,2829,3467
491,5/5/2012,2,1,5,0,6,0,2,0.621667,0.584608,0.756667,0.152992,2496,4387,6883,3.452398239,2834,8502,5668,2834,4049
492,5/6/2012,2,1,5,0,0,0,2,0.5625,0.546737,0.74,0.149879,2135,4224,6359,3.453173766,2839,8517,5678,2839,3520
493,5/7/2012,2,1,5,0,1,1,2,0.5375,0.527142,0.664167,0.230721,1008,5265,6273,3.453949293,2844,8532,5688,2844,3429
494,5/8/2012,2,1,5,0,2,1,2,0.581667,0.557471,0.685833,0.296029,738,4990,5728,3.45472482,2849,8547,5698,2849,2879
495,5/9/2012,2,1,5,0,3,1,2,0.575,0.553025,0.744167,0.216412,620,4097,4717,3.455500348,2854,8562,5708,2854,1863
496,5/10/2012,2,1,5,0,4,1,1,0.505833,0.491783,0.552083,0.314063,1026,5546,6572,3.456275875,2859,8577,5718,2859,3713
497,5/11/2012,2,1,5,0,5,1,1,0.533333,0.520833,0.360417,0.236937,1319,5711,7030,3.457051402,2865,8595,5730,2865,4165
498,5/12/2012,2,1,5,0,6,0,1,0.564167,0.544817,0.480417,0.123133,2622,4807,7429,3.457826929,2870,8610,5740,2870,4559
499,5/13/2012,2,1,5,0,0,0,1,0.6125,0.585238,0.57625,0.225117,2172,3946,6118,3.458602456,2875,8625,5750,2875,3243
500,5/14/2012,2,1,5,0,1,1,2,0.573333,0.5499,0.789583,0.212692,342,2501,2843,3.459377983,2880,8529,5760,2769,37
501,5/15/2012,2,1,5,0,2,1,2,0.611667,0.576404,0.794583,0.147392,625,4490,5115,3.46015351,2885,8655,5770,2885,2230
502,5/16/2012,2,1,5,0,3,1,1,0.636667,0.595975,0.697917,0.122512,991,6433,7424,3.460929038,2890,8670,5780,2890,4534
503,5/17/2012,2,1,5,0,4,1,1,0.593333,0.572613,0.52,0.229475,1242,6142,7384,3.461704565,2895,8685,5790,2895,4489
504,5/18/2012,2,1,5,0,5,1,1,0.564167,0.551121,0.523333,0.136817,1521,6118,7639,3.462480092,2901,8703,5802,2901,4738
505,5/19/2012,2,1,5,0,6,0,1,0.6,0.566908,0.45625,0.083975,3410,4884,8294,3.463255619,2906,8718,5812,2906,5388
506,5/20/2012,2,1,5,0,0,0,1,0.620833,0.583967,0.530417,0.254367,2704,4425,7129,3.464031146,2911,8733,5822,2911,4218
507,5/21/2012,2,1,5,0,1,1,2,0.598333,0.565667,0.81125,0.233204,630,3729,4359,3.464806673,2916,8748,5832,2916,1443
508,5/22/2012,2,1,5,0,2,1,2,0.615,0.580825,0.765833,0.118167,819,5254,6073,3.4655822,2921,8763,5842,2921,3152
509,5/23/2012,2,1,5,0,3,1,2,0.621667,0.584612,0.774583,0.102,766,4494,5260,3.466357728,2927,8781,5854,2927,2333
510,5/24/2012,2,1,5,0,4,1,1,0.655,0.6067,0.716667,0.172896,1059,5711,6770,3.467133255,2932,8796,5864,2932,3838
511,5/25/2012,2,1,5,0,5,1,1,0.68,0.627529,0.747083,0.14055,1417,5317,6734,3.467908782,2937,8811,5874,2937,3797
512,5/26/2012,2,1,5,0,6,0,1,0.6925,0.642696,0.7325,0.198992,2855,3681,6536,3.468684309,2942,8826,5884,2942,3594
513,5/27/2012,2,1,5,0,0,0,1,0.69,0.641425,0.697083,0.215171,3283,3308,6591,3.469459836,2948,8844,5896,2948,3643
514,5/28/2012,2,1,5,1,1,0,1,0.7125,0.6793,0.67625,0.196521,2557,3486,6043,3.470235363,2953,8859,5906,2953,3090
515,5/29/2012,2,1,5,0,2,1,1,0.7225,0.672992,0.684583,0.2954,880,4863,5743,3.47101089,2958,8874,5916,2958,2785
516,5/30/2012,2,1,5,0,3,1,2,0.656667,0.611129,0.67,0.134329,745,6110,6855,3.471786418,2963,8889,5926,2963,3892
517,5/31/2012,2,1,5,0,4,1,1,0.68,0.631329,0.492917,0.195279,1100,6238,7338,3.472561945,2969,8907,5938,2969,4369
518,6/1/2012,2,1,6,0,5,1,2,0.654167,0.607962,0.755417,0.237563,533,3594,4127,3.473337472,2974,8922,5948,2974,1153
519,6/2/2012,2,1,6,0,6,0,1,0.583333,0.566288,0.549167,0.186562,2795,5325,8120,3.474112999,2979,8937,5958,2979,5141
520,6/3/2012,2,1,6,0,0,0,1,0.6025,0.575133,0.493333,0.184087,2494,5147,7641,3.474888526,2985,8955,5970,2985,4656
521,6/4/2012,2,1,6,0,1,1,1,0.5975,0.578283,0.487083,0.284833,1071,5927,6998,3.475664053,2990,8970,5980,2990,4008
522,6/5/2012,2,1,6,0,2,1,2,0.540833,0.525892,0.613333,0.209575,968,6033,7001,3.476439581,2995,8985,5990,2995,4006
523,6/6/2012,2,1,6,0,3,1,1,0.554167,0.542292,0.61125,0.077125,1027,6028,7055,3.477215108,3001,9003,6002,3001,4054
524,6/7/2012,2,1,6,0,4,1,1,0.6025,0.569442,0.567083,0.15735,1038,6456,7494,3.477990635,3006,9018,6012,3006,4488
525,6/8/2012,2,1,6,0,5,1,1,0.649167,0.597862,0.467917,0.175383,1488,6248,7736,3.478766162,3011,9033,6022,3011,4725
526,6/9/2012,2,1,6,0,6,0,1,0.710833,0.648367,0.437083,0.144287,2708,4790,7498,3.479541689,3017,9051,6034,3017,4481
527,6/10/2012,2,1,6,0,0,0,1,0.726667,0.663517,0.538333,0.133721,2224,4374,6598,3.480317216,3022,9066,6044,3022,3576
528,6/11/2012,2,1,6,0,1,1,2,0.720833,0.659721,0.587917,0.207713,1017,5647,6664,3.481092743,3028,9084,6056,3028,3636
529,6/12/2012,2,1,6,0,2,1,2,0.653333,0.597875,0.833333,0.214546,477,4495,4972,3.481868271,3033,9099,6066,3033,1939
530,6/13/2012,2,1,6,0,3,1,1,0.655833,0.611117,0.582083,0.343279,1173,6248,7421,3.482643798,3038,9114,6076,3038,4383
531,6/14/2012,2,1,6,0,4,1,1,0.648333,0.624383,0.569583,0.253733,1180,6183,7363,3.483419325,3044,9132,6088,3044,4319
532,6/15/2012,2,1,6,0,5,1,1,0.639167,0.599754,0.589583,0.176617,1563,6102,7665,3.484194852,3049,9147,6098,3049,4616
533,6/16/2012,2,1,6,0,6,0,1,0.631667,0.594708,0.504167,0.166667,2963,4739,7702,3.484970379,3055,9165,6110,3055,4647
534,6/17/2012,2,1,6,0,0,0,1,0.5925,0.571975,0.59875,0.144904,2634,4344,6978,3.485745906,3060,9180,6120,3060,3918
535,6/18/2012,2,1,6,0,1,1,2,0.568333,0.544842,0.777917,0.174746,653,4446,5099,3.486521433,3066,9198,6132,3066,2033
536,6/19/2012,2,1,6,0,2,1,1,0.688333,0.654692,0.69,0.148017,968,5857,6825,3.487296961,3071,9213,6142,3071,3754
537,6/20/2012,2,1,6,0,3,1,1,0.7825,0.720975,0.592083,0.113812,872,5339,6211,3.488072488,3077,9231,6154,3077,3134
538,6/21/2012,3,1,6,0,4,1,1,0.805833,0.752542,0.567917,0.118787,778,5127,5905,3.488848015,3082,9246,6164,3082,2823
539,6/22/2012,3,1,6,0,5,1,1,0.7775,0.724121,0.57375,0.182842,964,4859,5823,3.489623542,3088,9264,6176,3088,2735
540,6/23/2012,3,1,6,0,6,0,1,0.731667,0.652792,0.534583,0.179721,2657,4801,7458,3.490399069,3093,9279,6186,3093,4365
541,6/24/2012,3,1,6,0,0,0,1,0.743333,0.674254,0.479167,0.145525,2551,4340,6891,3.491174596,3099,9297,6198,3099,3792
542,6/25/2012,3,1,6,0,1,1,1,0.715833,0.654042,0.504167,0.300383,1139,5640,6779,3.491950124,3104,9312,6208,3104,3675
543,6/26/2012,3,1,6,0,2,1,1,0.630833,0.594704,0.373333,0.347642,1077,6365,7442,3.492725651,3110,9330,6220,3110,4332
544,6/27/2012,3,1,6,0,3,1,1,0.6975,0.640792,0.36,0.271775,1077,6258,7335,3.493501178,3115,9345,6230,3115,4220
545,6/28/2012,3,1,6,0,4,1,1,0.749167,0.675512,0.4225,0.17165,921,5958,6879,3.494276705,3121,9363,6242,3121,3758
546,6/29/2012,3,1,6,0,5,1,1,0.834167,0.786613,0.48875,0.165417,829,4634,5463,3.495052232,3126,9378,6252,3126,2337
547,6/30/2012,3,1,6,0,6,0,1,0.765,0.687508,0.60125,0.161071,1455,4232,5687,3.495827759,3132,9396,6264,3132,2555
548,7/1/2012,3,1,7,0,0,0,1,0.815833,0.750629,0.51875,0.168529,1421,4110,5531,3.496603286,3138,9414,6276,3138,2393
549,7/2/2012,3,1,7,0,1,1,1,0.781667,0.702038,0.447083,0.195267,904,5323,6227,3.497378814,3143,9429,6286,3143,3084
550,7/3/2012,3,1,7,0,2,1,1,0.780833,0.70265,0.492083,0.126237,1052,5608,6660,3.498154341,3149,9447,6298,3149,3511
551,7/4/2012,3,1,7,1,3,0,1,0.789167,0.732337,0.53875,0.13495,2562,4841,7403,3.498929868,3154,9462,6308,3154,4249
552,7/5/2012,3,1,7,0,4,1,1,0.8275,0.761367,0.457917,0.194029,1405,4836,6241,3.499705395,3160,9480,6320,3160,3081
553,7/6/2012,3,1,7,0,5,1,1,0.828333,0.752533,0.450833,0.146142,1366,4841,6207,3.500480922,3166,9498,6332,3166,3041
554,7/7/2012,3,1,7,0,6,0,1,0.861667,0.804913,0.492083,0.163554,1448,3392,4840,3.501256449,3171,9513,6342,3171,1669
555,7/8/2012,3,1,7,0,0,0,1,0.8225,0.790396,0.57375,0.125629,1203,3469,4672,3.502031976,3177,9531,6354,3177,1495
556,7/9/2012,3,1,7,0,1,1,2,0.710833,0.654054,0.683333,0.180975,998,5571,6569,3.502807504,3183,9549,6366,3183,3386
557,7/10/2012,3,1,7,0,2,1,2,0.720833,0.664796,0.6675,0.151737,954,5336,6290,3.503583031,3188,9564,6376,3188,3102
558,7/11/2012,3,1,7,0,3,1,1,0.716667,0.650271,0.633333,0.151733,975,6289,7264,3.504358558,3194,9582,6388,3194,4070
559,7/12/2012,3,1,7,0,4,1,1,0.715833,0.654683,0.529583,0.146775,1032,6414,7446,3.505134085,3200,9600,6400,3200,4246
560,7/13/2012,3,1,7,0,5,1,2,0.731667,0.667933,0.485833,0.08085,1511,5988,7499,3.505909612,3206,9618,6412,3206,4293
561,7/14/2012,3,1,7,0,6,0,2,0.703333,0.666042,0.699167,0.143679,2355,4614,6969,3.506685139,3211,9633,6422,3211,3758
562,7/15/2012,3,1,7,0,0,0,1,0.745833,0.705196,0.717917,0.166667,1920,4111,6031,3.507460666,3217,9651,6434,3217,2814
563,7/16/2012,3,1,7,0,1,1,1,0.763333,0.724125,0.645,0.164187,1088,5742,6830,3.508236194,3223,9669,6446,3223,3607
564,7/17/2012,3,1,7,0,2,1,1,0.818333,0.755683,0.505833,0.114429,921,5865,6786,3.509011721,3229,9687,6458,3229,3557
565,7/18/2012,3,1,7,0,3,1,1,0.793333,0.745583,0.577083,0.137442,799,4914,5713,3.509787248,3234,9702,6468,3234,2479
566,7/19/2012,3,1,7,0,4,1,1,0.77,0.714642,0.600417,0.165429,888,5703,6591,3.510562775,3240,9720,6480,3240,3351
567,7/20/2012,3,1,7,0,5,1,2,0.665833,0.613025,0.844167,0.208967,747,5123,5870,3.511338302,3246,9738,6492,3246,2624
568,7/21/2012,3,1,7,0,6,0,3,0.595833,0.549912,0.865417,0.2133,1264,3195,4459,3.512113829,3252,9756,6504,3252,1207
569,7/22/2012,3,1,7,0,0,0,2,0.6675,0.623125,0.7625,0.0939208,2544,4866,7410,3.512889357,3258,9774,6516,3258,4152
570,7/23/2012,3,1,7,0,1,1,1,0.741667,0.690017,0.694167,0.138683,1135,5831,6966,3.513664884,3263,9789,6526,3263,3703
571,7/24/2012,3,1,7,0,2,1,1,0.750833,0.70645,0.655,0.211454,1140,6452,7592,3.514440411,3269,9807,6538,3269,4323
572,7/25/2012,3,1,7,0,3,1,1,0.724167,0.654054,0.45,0.1648,1383,6790,8173,3.515215938,3275,9825,6550,3275,4898
573,7/26/2012,3,1,7,0,4,1,1,0.776667,0.739263,0.596667,0.284813,1036,5825,6861,3.515991465,3281,9843,6562,3281,3580
574,7/27/2012,3,1,7,0,5,1,1,0.781667,0.734217,0.594583,0.152992,1259,5645,6904,3.516766992,3287,9861,6574,3287,3617
575,7/28/2012,3,1,7,0,6,0,1,0.755833,0.697604,0.613333,0.15735,2234,4451,6685,3.517542519,3293,9879,6586,3293,3392
576,7/29/2012,3,1,7,0,0,0,1,0.721667,0.667933,0.62375,0.170396,2153,4444,6597,3.518318047,3299,9897,6598,3299,3298
577,7/30/2012,3,1,7,0,1,1,1,0.730833,0.684987,0.66875,0.153617,1040,6065,7105,3.519093574,3304,9912,6608,3304,3801
578,7/31/2012,3,1,7,0,2,1,1,0.713333,0.662896,0.704167,0.165425,968,6248,7216,3.519869101,3310,9930,6620,3310,3906
579,8/1/2012,3,1,8,0,3,1,1,0.7175,0.667308,0.6775,0.141179,1074,6506,7580,3.520644628,3316,9948,6632,3316,4264
580,8/2/2012,3,1,8,0,4,1,1,0.7525,0.707088,0.659583,0.129354,983,6278,7261,3.521420155,3322,9966,6644,3322,3939
581,8/3/2012,3,1,8,0,5,1,2,0.765833,0.722867,0.6425,0.215792,1328,5847,7175,3.522195682,3328,9984,6656,3328,3847
582,8/4/2012,3,1,8,0,6,0,1,0.793333,0.751267,0.613333,0.257458,2345,4479,6824,3.522971209,3334,10002,6668,3334,3490
583,8/5/2012,3,1,8,0,0,0,1,0.769167,0.731079,0.6525,0.290421,1707,3757,5464,3.523746737,3340,10020,6680,3340,2124
584,8/6/2012,3,1,8,0,1,1,2,0.7525,0.710246,0.654167,0.129354,1233,5780,7013,3.524522264,3346,10038,6692,3346,3667
585,8/7/2012,3,1,8,0,2,1,2,0.735833,0.697621,0.70375,0.116908,1278,5995,7273,3.525297791,3352,10056,6704,3352,3921
586,8/8/2012,3,1,8,0,3,1,2,0.75,0.707717,0.672917,0.1107,1263,6271,7534,3.526073318,3358,10074,6716,3358,4176
587,8/9/2012,3,1,8,0,4,1,1,0.755833,0.699508,0.620417,0.1561,1196,6090,7286,3.526848845,3364,10092,6728,3364,3922
588,8/10/2012,3,1,8,0,5,1,2,0.715833,0.667942,0.715833,0.238813,1065,4721,5786,3.527624372,3370,10110,6740,3370,2416
589,8/11/2012,3,1,8,0,6,0,2,0.6925,0.638267,0.732917,0.206479,2247,4052,6299,3.528399899,3376,10128,6752,3376,2923
590,8/12/2012,3,1,8,0,0,0,1,0.700833,0.644579,0.530417,0.122512,2182,4362,6544,3.529175427,3382,10146,6764,3382,3162
591,8/13/2012,3,1,8,0,1,1,1,0.720833,0.662254,0.545417,0.136212,1207,5676,6883,3.529950954,3388,10164,6776,3388,3495
592,8/14/2012,3,1,8,0,2,1,1,0.726667,0.676779,0.686667,0.169158,1128,5656,6784,3.530726481,3394,10182,6788,3394,3390
593,8/15/2012,3,1,8,0,3,1,1,0.706667,0.654037,0.619583,0.169771,1198,6149,7347,3.531502008,3400,10200,6800,3400,3947
594,8/16/2012,3,1,8,0,4,1,1,0.719167,0.654688,0.519167,0.141796,1338,6267,7605,3.532277535,3406,10218,6812,3406,4199
595,8/17/2012,3,1,8,0,5,1,1,0.723333,0.2424,0.570833,0.231354,1483,5665,7148,3.533053062,3412,10236,6824,3412,3736
596,8/18/2012,3,1,8,0,6,0,1,0.678333,0.618071,0.603333,0.177867,2827,5038,7865,3.53382859,3418,10254,6836,3418,4447
597,8/19/2012,3,1,8,0,0,0,2,0.635833,0.603554,0.711667,0.08645,1208,3341,4549,3.534604117,3425,10275,6850,3425,1124
598,8/20/2012,3,1,8,0,1,1,2,0.635833,0.595967,0.734167,0.129979,1026,5504,6530,3.535379644,3431,10293,6862,3431,3099
599,8/21/2012,3,1,8,0,2,1,1,0.649167,0.601025,0.67375,0.0727708,1081,5925,7006,3.536155171,3437,10311,6874,3437,3569
600,8/22/2012,3,1,8,0,3,1,1,0.6675,0.621854,0.677083,0.0702833,1094,6281,7375,3.536930698,3443,10329,6886,3443,3932
601,8/23/2012,3,1,8,0,4,1,1,0.695833,0.637008,0.635833,0.0845958,1363,6402,7765,3.537706225,3449,10347,6898,3449,4316
602,8/24/2012,3,1,8,0,5,1,2,0.7025,0.6471,0.615,0.0721458,1325,6257,7582,3.538481752,3455,10365,6910,3455,4127
603,8/25/2012,3,1,8,0,6,0,2,0.661667,0.618696,0.712917,0.244408,1829,4224,6053,3.53925728,3461,10383,6922,3461,2592
604,8/26/2012,3,1,8,0,0,0,2,0.653333,0.595996,0.845833,0.228858,1483,3772,5255,3.540032807,3468,10404,6936,3468,1787
605,8/27/2012,3,1,8,0,1,1,1,0.703333,0.654688,0.730417,0.128733,989,5928,6917,3.540808334,3474,10422,6948,3474,3443
606,8/28/2012,3,1,8,0,2,1,1,0.728333,0.66605,0.62,0.190925,935,6105,7040,3.541583861,3480,10440,6960,3480,3560
607,8/29/2012,3,1,8,0,3,1,1,0.685,0.635733,0.552083,0.112562,1177,6520,7697,3.542359388,3486,10458,6972,3486,4211
608,8/30/2012,3,1,8,0,4,1,1,0.706667,0.652779,0.590417,0.0771167,1172,6541,7713,3.543134915,3492,10476,6984,3492,4221
609,8/31/2012,3,1,8,0,5,1,1,0.764167,0.6894,0.5875,0.168533,1433,5917,7350,3.543910442,3499,10497,6998,3499,3851
610,9/1/2012,3,1,9,0,6,0,2,0.753333,0.702654,0.638333,0.113187,2352,3788,6140,3.54468597,3505,10515,7010,3505,2635
611,9/2/2012,3,1,9,0,0,0,2,0.696667,0.649,0.815,0.0640708,2613,3197,5810,3.545461497,3511,10533,7022,3511,2299
612,9/3/2012,3,1,9,1,1,0,1,0.7075,0.661629,0.790833,0.151121,1965,4069,6034,3.546237024,3518,10554,7036,3518,2516
613,9/4/2012,3,1,9,0,2,1,1,0.725833,0.686888,0.755,0.236321,867,5997,6864,3.547012551,3524,10572,7048,3524,3340
614,9/5/2012,3,1,9,0,3,1,1,0.736667,0.708983,0.74125,0.187808,832,6280,7112,3.547788078,3530,10590,7060,3530,3582
615,9/6/2012,3,1,9,0,4,1,2,0.696667,0.655329,0.810417,0.142421,611,5592,6203,3.548563605,3536,10608,7072,3536,2667
616,9/7/2012,3,1,9,0,5,1,1,0.703333,0.657204,0.73625,0.171646,1045,6459,7504,3.549339132,3543,10629,7086,3543,3961
617,9/8/2012,3,1,9,0,6,0,2,0.659167,0.611121,0.799167,0.281104,1557,4419,5976,3.55011466,3549,10647,7098,3549,2427
618,9/9/2012,3,1,9,0,0,0,1,0.61,0.578925,0.5475,0.224496,2570,5657,8227,3.550890187,3555,10665,7110,3555,4672
619,9/10/2012,3,1,9,0,1,1,1,0.583333,0.565654,0.50375,0.258713,1118,6407,7525,3.551665714,3562,10686,7124,3562,3963
620,9/11/2012,3,1,9,0,2,1,1,0.5775,0.554292,0.52,0.0920542,1070,6697,7767,3.552441241,3568,10704,7136,3568,4199
621,9/12/2012,3,1,9,0,3,1,1,0.599167,0.570075,0.577083,0.131846,1050,6820,7870,3.553216768,3575,10725,7150,3575,4295
622,9/13/2012,3,1,9,0,4,1,1,0.6125,0.579558,0.637083,0.0827208,1054,6750,7804,3.553992295,3581,10743,7162,3581,4223
623,9/14/2012,3,1,9,0,5,1,1,0.633333,0.594083,0.6725,0.103863,1379,6630,8009,3.554767823,3587,10761,7174,3587,4422
624,9/15/2012,3,1,9,0,6,0,1,0.608333,0.585867,0.501667,0.247521,3160,5554,8714,3.55554335,3594,10782,7188,3594,5120
625,9/16/2012,3,1,9,0,0,0,1,0.58,0.563125,0.57,0.0901833,2166,5167,7333,3.556318877,3600,10800,7200,3600,3733
626,9/17/2012,3,1,9,0,1,1,2,0.580833,0.55305,0.734583,0.151742,1022,5847,6869,3.557094404,3607,10821,7214,3607,3262
627,9/18/2012,3,1,9,0,2,1,2,0.623333,0.565067,0.8725,0.357587,371,3702,4073,3.557869931,3613,10839,7226,3613,460
628,9/19/2012,3,1,9,0,3,1,1,0.5525,0.540404,0.536667,0.215175,788,6803,7591,3.558645458,3619,10857,7238,3619,3972
629,9/20/2012,3,1,9,0,4,1,1,0.546667,0.532192,0.618333,0.118167,939,6781,7720,3.559420985,3626,10878,7252,3626,4094
630,9/21/2012,3,1,9,0,5,1,1,0.599167,0.571971,0.66875,0.154229,1250,6917,8167,3.560196513,3632,10896,7264,3632,4535
631,9/22/2012,3,1,9,0,6,0,1,0.65,0.610488,0.646667,0.283583,2512,5883,8395,3.56097204,3639,10917,7278,3639,4756
632,9/23/2012,4,1,9,0,0,0,1,0.529167,0.518933,0.467083,0.223258,2454,5453,7907,3.561747567,3645,10935,7290,3645,4262
633,9/24/2012,4,1,9,0,1,1,1,0.514167,0.502513,0.492917,0.142404,1001,6435,7436,3.562523094,3652,10956,7304,3652,3784
634,9/25/2012,4,1,9,0,2,1,1,0.55,0.544179,0.57,0.236321,845,6693,7538,3.563298621,3658,10974,7316,3658,3880
635,9/26/2012,4,1,9,0,3,1,1,0.635,0.596613,0.630833,0.2444,787,6946,7733,3.564074148,3665,10995,7330,3665,4068
636,9/27/2012,4,1,9,0,4,1,2,0.65,0.607975,0.690833,0.134342,751,6642,7393,3.564849675,3672,11016,7344,3672,3721
637,9/28/2012,4,1,9,0,5,1,2,0.619167,0.585863,0.69,0.164179,1045,6370,7415,3.565625203,3678,11034,7356,3678,3737
638,9/29/2012,4,1,9,0,6,0,1,0.5425,0.530296,0.542917,0.227604,2589,5966,8555,3.56640073,3685,11055,7370,3685,4870
639,9/30/2012,4,1,9,0,0,0,1,0.526667,0.517663,0.583333,0.134958,2015,4874,6889,3.567176257,3691,11073,7382,3691,3198
640,10/1/2012,4,1,10,0,1,1,2,0.520833,0.512,0.649167,0.0908042,763,6015,6778,3.567951784,3698,11094,7396,3698,3080
641,10/2/2012,4,1,10,0,2,1,3,0.590833,0.542333,0.871667,0.104475,315,4324,4639,3.568727311,3704,11112,7408,3704,935
642,10/3/2012,4,1,10,0,3,1,2,0.6575,0.599133,0.79375,0.0665458,728,6844,7572,3.569502838,3711,11133,7422,3711,3861
643,10/4/2012,4,1,10,0,4,1,2,0.6575,0.607975,0.722917,0.117546,891,6437,7328,3.570278365,3718,11154,7436,3718,3610
644,10/5/2012,4,1,10,0,5,1,1,0.615,0.580187,0.6275,0.10635,1516,6640,8156,3.571053893,3724,11172,7448,3724,4432
645,10/6/2012,4,1,10,0,6,0,1,0.554167,0.538521,0.664167,0.268025,3031,4934,7965,3.57182942,3731,11193,7462,3731,4234
646,10/7/2012,4,1,10,0,0,0,2,0.415833,0.419813,0.708333,0.141162,781,2729,3510,3.572604947,3738,10530,7476,3054,228
647,10/8/2012,4,1,10,1,1,0,2,0.383333,0.387608,0.709583,0.189679,874,4604,5478,3.573380474,3744,11232,7488,3744,1734
648,10/9/2012,4,1,10,0,2,1,2,0.446667,0.438112,0.761667,0.1903,601,5791,6392,3.574156001,3751,11253,7502,3751,2641
649,10/10/2012,4,1,10,0,3,1,1,0.514167,0.503142,0.630833,0.187821,780,6911,7691,3.574931528,3758,11274,7516,3758,3933
650,10/11/2012,4,1,10,0,4,1,1,0.435,0.431167,0.463333,0.181596,834,6736,7570,3.575707056,3764,11292,7528,3764,3806
651,10/12/2012,4,1,10,0,5,1,1,0.4375,0.433071,0.539167,0.235092,1060,6222,7282,3.576482583,3771,11313,7542,3771,3511
652,10/13/2012,4,1,10,0,6,0,1,0.393333,0.391396,0.494583,0.146142,2252,4857,7109,3.57725811,3778,11334,7556,3778,3331
653,10/14/2012,4,1,10,0,0,0,1,0.521667,0.508204,0.640417,0.278612,2080,4559,6639,3.578033637,3785,11355,7570,3785,2854
654,10/15/2012,4,1,10,0,1,1,2,0.561667,0.53915,0.7075,0.296037,760,5115,5875,3.578809164,3791,11373,7582,3791,2084
655,10/16/2012,4,1,10,0,2,1,1,0.468333,0.460846,0.558333,0.182221,922,6612,7534,3.579584691,3798,11394,7596,3798,3736
656,10/17/2012,4,1,10,0,3,1,1,0.455833,0.450108,0.692917,0.101371,979,6482,7461,3.580360218,3805,11415,7610,3805,3656
657,10/18/2012,4,1,10,0,4,1,2,0.5225,0.512625,0.728333,0.236937,1008,6501,7509,3.581135746,3812,11436,7624,3812,3697
658,10/19/2012,4,1,10,0,5,1,2,0.563333,0.537896,0.815,0.134954,753,4671,5424,3.581911273,3819,11457,7638,3819,1605
659,10/20/2012,4,1,10,0,6,0,1,0.484167,0.472842,0.572917,0.117537,2806,5284,8090,3.5826868,3825,11475,7650,3825,4265
660,10/21/2012,4,1,10,0,0,0,1,0.464167,0.456429,0.51,0.166054,2132,4692,6824,3.583462327,3832,11496,7664,3832,2992
661,10/22/2012,4,1,10,0,1,1,1,0.4875,0.482942,0.568333,0.0814833,830,6228,7058,3.584237854,3839,11517,7678,3839,3219
662,10/23/2012,4,1,10,0,2,1,1,0.544167,0.530304,0.641667,0.0945458,841,6625,7466,3.585013381,3846,11538,7692,3846,3620
663,10/24/2012,4,1,10,0,3,1,1,0.5875,0.558721,0.63625,0.0727792,795,6898,7693,3.585788908,3853,11559,7706,3853,3840
664,10/25/2012,4,1,10,0,4,1,2,0.55,0.529688,0.800417,0.124375,875,6484,7359,3.586564436,3860,11580,7720,3860,3499
665,10/26/2012,4,1,10,0,5,1,2,0.545833,0.52275,0.807083,0.132467,1182,6262,7444,3.587339963,3867,11601,7734,3867,3577
666,10/27/2012,4,1,10,0,6,0,2,0.53,0.515133,0.72,0.235692,2643,5209,7852,3.58811549,3874,11622,7748,3874,3978
667,10/28/2012,4,1,10,0,0,0,2,0.4775,0.467771,0.694583,0.398008,998,3461,4459,3.588891017,3881,11643,7762,3881,578
668,10/29/2012,4,1,10,0,1,1,3,0.44,0.4394,0.88,0.3582,2,20,22,3.589666544,3887,66,7774,-7708,3865
669,10/30/2012,4,1,10,0,2,1,2,0.318182,0.309909,0.825455,0.213009,87,1009,1096,3.590442071,3894,3288,7788,-4500,2798
670,10/31/2012,4,1,10,0,3,1,2,0.3575,0.3611,0.666667,0.166667,419,5147,5566,3.591217599,3901,11703,7802,3901,1665
671,11/1/2012,4,1,11,0,4,1,2,0.365833,0.369942,0.581667,0.157346,466,5520,5986,3.591993126,3908,11724,7816,3908,2078
672,11/2/2012,4,1,11,0,5,1,1,0.355,0.356042,0.522083,0.266175,618,5229,5847,3.592768653,3915,11745,7830,3915,1932
673,11/3/2012,4,1,11,0,6,0,2,0.343333,0.323846,0.49125,0.270529,1029,4109,5138,3.59354418,3922,11766,7844,3922,1216
674,11/4/2012,4,1,11,0,0,0,1,0.325833,0.329538,0.532917,0.179108,1201,3906,5107,3.594319707,3929,11787,7858,3929,1178
675,11/5/2012,4,1,11,0,1,1,1,0.319167,0.308075,0.494167,0.236325,378,4881,5259,3.595095234,3936,11808,7872,3936,1323
676,11/6/2012,4,1,11,0,2,1,1,0.280833,0.281567,0.567083,0.173513,466,5220,5686,3.595870761,3943,11829,7886,3943,1743
677,11/7/2012,4,1,11,0,3,1,2,0.295833,0.274621,0.5475,0.304108,326,4709,5035,3.596646289,3950,11850,7900,3950,1085
678,11/8/2012,4,1,11,0,4,1,1,0.352174,0.341891,0.333478,0.347835,340,4975,5315,3.597421816,3958,11874,7916,3958,1357
679,11/9/2012,4,1,11,0,5,1,1,0.361667,0.355413,0.540833,0.214558,709,5283,5992,3.598197343,3965,11895,7930,3965,2027
680,11/10/2012,4,1,11,0,6,0,1,0.389167,0.393937,0.645417,0.0578458,2090,4446,6536,3.59897287,3972,11916,7944,3972,2564
681,11/11/2012,4,1,11,0,0,0,1,0.420833,0.421713,0.659167,0.1275,2290,4562,6852,3.599748397,3979,11937,7958,3979,2873
682,11/12/2012,4,1,11,1,1,0,1,0.485,0.475383,0.741667,0.173517,1097,5172,6269,3.600523924,3986,11958,7972,3986,2283
683,11/13/2012,4,1,11,0,2,1,2,0.343333,0.323225,0.662917,0.342046,327,3767,4094,3.601299451,3993,11979,7986,3993,101
684,11/14/2012,4,1,11,0,3,1,1,0.289167,0.281563,0.552083,0.199625,373,5122,5495,3.602074979,4000,12000,8000,4000,1495
685,11/15/2012,4,1,11,0,4,1,2,0.321667,0.324492,0.620417,0.152987,320,5125,5445,3.602850506,4007,12021,8014,4007,1438
686,11/16/2012,4,1,11,0,5,1,1,0.345,0.347204,0.524583,0.171025,484,5214,5698,3.603626033,4014,12042,8028,4014,1684
687,11/17/2012,4,1,11,0,6,0,1,0.325,0.326383,0.545417,0.179729,1313,4316,5629,3.60440156,4022,12066,8044,4022,1607
688,11/18/2012,4,1,11,0,0,0,1,0.3425,0.337746,0.692917,0.227612,922,3747,4669,3.605177087,4029,12087,8058,4029,640
689,11/19/2012,4,1,11,0,1,1,2,0.380833,0.375621,0.623333,0.235067,449,5050,5499,3.605952614,4036,12108,8072,4036,1463
690,11/20/2012,4,1,11,0,2,1,2,0.374167,0.380667,0.685,0.082725,534,5100,5634,3.606728141,4043,12129,8086,4043,1591
691,11/21/2012,4,1,11,0,3,1,1,0.353333,0.364892,0.61375,0.103246,615,4531,5146,3.607503669,4050,12150,8100,4050,1096
692,11/22/2012,4,1,11,1,4,0,1,0.34,0.350371,0.580417,0.0528708,955,1470,2425,3.608279196,4058,7275,8116,-841,1633
693,11/23/2012,4,1,11,0,5,1,1,0.368333,0.378779,0.56875,0.148021,1603,2307,3910,3.609054723,4065,11730,8130,3600,155
694,11/24/2012,4,1,11,0,6,0,1,0.278333,0.248742,0.404583,0.376871,532,1745,2277,3.60983025,4072,6831,8144,-1313,1795
695,11/25/2012,4,1,11,0,0,0,1,0.245833,0.257583,0.468333,0.1505,309,2115,2424,3.610605777,4079,7272,8158,-886,1655
696,11/26/2012,4,1,11,0,1,1,1,0.313333,0.339004,0.535417,0.04665,337,4750,5087,3.611381304,4087,12261,8174,4087,1000
697,11/27/2012,4,1,11,0,2,1,2,0.291667,0.281558,0.786667,0.237562,123,3836,3959,3.612156832,4094,11877,8188,3689,135
698,11/28/2012,4,1,11,0,3,1,1,0.296667,0.289762,0.50625,0.210821,198,5062,5260,3.612932359,4101,12303,8202,4101,1159
699,11/29/2012,4,1,11,0,4,1,1,0.28087,0.298422,0.555652,0.115522,243,5080,5323,3.613707886,4109,12327,8218,4109,1214
700,11/30/2012,4,1,11,0,5,1,1,0.298333,0.323867,0.649583,0.0584708,362,5306,5668,3.614483413,4116,12348,8232,4116,1552
701,12/1/2012,4,1,12,0,6,0,2,0.298333,0.316904,0.806667,0.0597042,951,4240,5191,3.61525894,4123,12369,8246,4123,1068
702,12/2/2012,4,1,12,0,0,0,2,0.3475,0.359208,0.823333,0.124379,892,3757,4649,3.616034467,4131,12393,8262,4131,518
703,12/3/2012,4,1,12,0,1,1,1,0.4525,0.455796,0.7675,0.0827208,555,5679,6234,3.616809994,4138,12414,8276,4138,2096
704,12/4/2012,4,1,12,0,2,1,1,0.475833,0.469054,0.73375,0.174129,551,6055,6606,3.617585522,4146,12438,8292,4146,2460
705,12/5/2012,4,1,12,0,3,1,1,0.438333,0.428012,0.485,0.324021,331,5398,5729,3.618361049,4153,12459,8306,4153,1576
706,12/6/2012,4,1,12,0,4,1,1,0.255833,0.258204,0.50875,0.174754,340,5035,5375,3.619136576,4160,12480,8320,4160,1215
707,12/7/2012,4,1,12,0,5,1,2,0.320833,0.321958,0.764167,0.1306,349,4659,5008,3.619912103,4168,12504,8336,4168,840
708,12/8/2012,4,1,12,0,6,0,2,0.381667,0.389508,0.91125,0.101379,1153,4429,5582,3.62068763,4175,12525,8350,4175,1407
709,12/9/2012,4,1,12,0,0,0,2,0.384167,0.390146,0.905417,0.157975,441,2787,3228,3.621463157,4183,9684,8366,1318,955
710,12/10/2012,4,1,12,0,1,1,2,0.435833,0.435575,0.925,0.190308,329,4841,5170,3.622238684,4190,12570,8380,4190,980
711,12/11/2012,4,1,12,0,2,1,2,0.353333,0.338363,0.596667,0.296037,282,5219,5501,3.623014212,4198,12594,8396,4198,1303
712,12/12/2012,4,1,12,0,3,1,2,0.2975,0.297338,0.538333,0.162937,310,5009,5319,3.623789739,4205,12615,8410,4205,1114
713,12/13/2012,4,1,12,0,4,1,1,0.295833,0.294188,0.485833,0.174129,425,5107,5532,3.624565266,4213,12639,8426,4213,1319
714,12/14/2012,4,1,12,0,5,1,1,0.281667,0.294192,0.642917,0.131229,429,5182,5611,3.625340793,4220,12660,8440,4220,1391
715,12/15/2012,4,1,12,0,6,0,1,0.324167,0.338383,0.650417,0.10635,767,4280,5047,3.62611632,4228,12684,8456,4228,819
716,12/16/2012,4,1,12,0,0,0,2,0.3625,0.369938,0.83875,0.100742,538,3248,3786,3.626891847,4235,11358,8470,2888,449
717,12/17/2012,4,1,12,0,1,1,2,0.393333,0.4015,0.907083,0.0982583,212,4373,4585,3.627667374,4243,12729,8486,4243,342
718,12/18/2012,4,1,12,0,2,1,1,0.410833,0.409708,0.66625,0.221404,433,5124,5557,3.628442902,4251,12753,8502,4251,1306
719,12/19/2012,4,1,12,0,3,1,1,0.3325,0.342162,0.625417,0.184092,333,4934,5267,3.629218429,4258,12774,8516,4258,1009
720,12/20/2012,4,1,12,0,4,1,2,0.33,0.335217,0.667917,0.132463,314,3814,4128,3.629993956,4266,12384,8532,3852,138
721,12/21/2012,1,1,12,0,5,1,2,0.326667,0.301767,0.556667,0.374383,221,3402,3623,3.630769483,4273,10869,8546,2323,650
722,12/22/2012,1,1,12,0,6,0,1,0.265833,0.236113,0.44125,0.407346,205,1544,1749,3.63154501,4281,5247,8562,-3315,2532
723,12/23/2012,1,1,12,0,0,0,1,0.245833,0.259471,0.515417,0.133083,408,1379,1787,3.632320537,4289,5361,8578,-3217,2502
724,12/24/2012,1,1,12,0,1,1,2,0.231304,0.2589,0.791304,0.0772304,174,746,920,3.633096065,4296,2760,8592,-5832,3376
725,12/25/2012,1,1,12,1,2,0,2,0.291304,0.294465,0.734783,0.168726,440,573,1013,3.633871592,4304,3039,8608,-5569,3291
726,12/26/2012,1,1,12,0,3,1,3,0.243333,0.220333,0.823333,0.316546,9,432,441,3.634647119,4312,1323,8624,-7301,3871
727,12/27/2012,1,1,12,0,4,1,2,0.254167,0.226642,0.652917,0.350133,247,1867,2114,3.635422646,4319,6342,8638,-2296,2205
728,12/28/2012,1,1,12,0,5,1,2,0.253333,0.255046,0.59,0.155471,644,2451,3095,3.636198173,4327,9285,8654,631,1232
729,12/29/2012,1,1,12,0,6,0,2,0.253333,0.2424,0.752917,0.124383,159,1182,1341,3.6369737,4335,4023,8670,-4647,2994
730,12/30/2012,1,1,12,0,0,0,1,0.255833,0.2317,0.483333,0.350754,364,1432,1796,3.637749227,4343,5388,8686,-3298,2547
731,12/31/2012,1,1,12,0,1,1,2,0.215833,0.223487,0.5775,0.154846,439,2290,2729,3.638524755,4350,8187,8700,-513,1621
,,,,,,,,,,,,,,,,3.639300282,,0,0,0,0
,,,,,,,,,,,,,,,,,,,2340074,1031206,0.440672389
